<?xml version="1.0" encoding="UTF-8"?><collection xmlns="http://www.loc.gov/MARC21/slim"><record><leader>00510nam--2200157-u-4500</leader><controlfield tag="001">000051705</controlfield><controlfield tag="002">20161230</controlfield><controlfield tag="005">20161230201049</controlfield><controlfield tag="008">080821s1000------------r-----000-0-eng-d</controlfield><datafield ind1=" " ind2=" " tag="040"><subfield code="a">IFIN-HH</subfield></datafield><datafield ind1="1" ind2=" " tag="100"><subfield code="a">Lavoine, Jean</subfield></datafield><datafield ind1="1" ind2=" " tag="245"><subfield code="a">B. Methods de calcul II Calcul symbolique Dsitributions et pseudo-fonctions avec une table de novelles transformees de Laplace</subfield></datafield><datafield ind1=" " ind2=" " tag="260"><subfield code="a">Paris</subfield><subfield code="b">Centre national de la recherche scientifique</subfield><subfield code="c">1959</subfield></datafield><datafield ind1=" " ind2=" " tag="300"><subfield code="a">110 p</subfield></datafield><datafield ind1=" " ind2=" " tag="852"><subfield code="a">13077</subfield><subfield code="c">517.63</subfield></datafield><datafield ind1=" " ind2=" " tag="CAT"><subfield code="a">Sys</subfield><subfield code="c">20080821</subfield><subfield code="h">101203</subfield></datafield></record></collection>